<?xml version="1.0" encoding="UTF-8"?><collection xmlns="http://www.loc.gov/MARC21/slim"><record><leader>00667nam--2200181-i-4500</leader><controlfield tag="001">000044763</controlfield><controlfield tag="002">20161230</controlfield><controlfield tag="005">20161230201044</controlfield><controlfield tag="008">060222s1000------------r-----000-0-rum-d</controlfield><datafield ind1=" " ind2=" " tag="040"><subfield code="a">IFIN-HH</subfield></datafield><datafield ind1=" " ind2=" " tag="041"><subfield code="a">rum</subfield></datafield><datafield ind1=" " ind2=" " tag="080"><subfield code="a">53(048):368.4(048)</subfield></datafield><datafield ind1="1" ind2=" " tag="110"><subfield code="a">Institutul Central De Fizica, Magurele</subfield></datafield><datafield ind1="1" ind2="0" tag="245"><subfield code="a">Tineretul, fizica si progresul tehnico-stiintific. sesiunea nationala a tineretului pe probleme de fizica si domenii conexe. editia a iv-a bucuresti-magurele, 3-4 februarie 1984. programul sesiunii si rezultatele lucrarilor</subfield></datafield><datafield ind1=" " ind2=" " tag="260"><subfield code="a">Bucuresti</subfield><subfield code="b">Centrul National De Fizica</subfield><subfield code="c">1984</subfield></datafield><datafield ind1=" " ind2=" " tag="300"><subfield code="a">89P</subfield></datafield><datafield ind1=" " ind2=" " tag="852"><subfield code="a">71419</subfield><subfield code="c">53</subfield></datafield><datafield ind1=" " ind2=" " tag="CAT"><subfield code="a">Sys</subfield><subfield code="c">20150806</subfield><subfield code="h">142614</subfield></datafield></record></collection>